<record><leader>00000cas a2200000 a 4500</leader><controlfield tag="001">8797026</controlfield><controlfield tag="008">820922d18531856caudr ne      0   a0eng  </controlfield><datafield ind1=" " ind2=" " tag="010"><subfield code="a">sn 82014908 </subfield></datafield><datafield ind1=" " ind2=" " tag="040"><subfield code="a">DLC</subfield><subfield code="b">eng</subfield><subfield code="c">DLC</subfield><subfield code="d">NPU</subfield><subfield code="d">DLC</subfield><subfield code="d">NPX</subfield><subfield code="d">DLC</subfield><subfield code="d">YOX</subfield><subfield code="d">CNK</subfield><subfield code="d">OCL</subfield><subfield code="d">DLC</subfield><subfield code="d">CNK</subfield><subfield code="d">DLC</subfield><subfield code="d">KRTAS</subfield><subfield code="d">OCLCO</subfield><subfield code="d">OCLCQ</subfield><subfield code="d">OCLCF</subfield><subfield code="d">OCLCO</subfield></datafield><datafield ind1="1" ind2=" " tag="029"><subfield code="a">AU@</subfield><subfield code="b">000020225232</subfield></datafield><datafield ind1=" " ind2=" " tag="042"><subfield code="a">pcc</subfield></datafield><datafield ind1=" " ind2=" " tag="043"><subfield code="a">n-us-ca</subfield></datafield><datafield ind1="0" ind2="0" tag="050"><subfield code="a">Newspaper</subfield></datafield><datafield ind1="0" ind2="0" tag="245"><subfield code="a">San Francisco evening journal.</subfield></datafield><datafield ind1="3" ind2="0" tag="246"><subfield code="a">Evening journal</subfield></datafield><datafield ind1=" " ind2=" " tag="260"><subfield code="a">San Francisco, Calif. :</subfield><subfield code="b">P. Seymour &amp; Co.,</subfield><subfield code="c">1853-</subfield></datafield><datafield ind1=" " ind2=" " tag="300"><subfield code="a">v.</subfield></datafield><datafield ind1=" " ind2=" " tag="310"><subfield code="a">Daily</subfield></datafield><datafield ind1=" " ind2=" " tag="321"><subfield code="a">Daily (except Sunday)</subfield></datafield><datafield ind1="0" ind2=" " tag="362"><subfield code="a">Vol. 1, no. 236 (Mar. 1, 1853)-</subfield></datafield><datafield ind1="1" ind2=" " tag="362"><subfield code="a">Ceased in 1856.</subfield></datafield><datafield ind1=" " ind2=" " tag="500"><subfield code="a">Publishers: R.K. Browne, 1853; Charles H. Pierce &amp; Co., &lt;1853&gt;.</subfield></datafield><datafield ind1=" " ind2=" " tag="530"><subfield code="a">Available on microfilm from the Library of Congress, Photoduplication Service.</subfield></datafield><datafield ind1=" " ind2=" " tag="580"><subfield code="a">Weekly eds.: Evening journal (San Francisco, Calif.), and: Weekly journal (San Francisco, Calif.), and: San Francisco weekly journal.</subfield></datafield><datafield ind1=" " ind2="0" tag="651"><subfield code="a">San Francisco (Calif.)</subfield><subfield code="v">Newspapers.</subfield></datafield><datafield ind1=" " ind2="7" tag="655"><subfield code="a">Newspapers.</subfield><subfield code="2">fast</subfield><subfield code="0">(OCoLC)fst01423814</subfield></datafield><datafield ind1=" " ind2="7" tag="651"><subfield code="a">California</subfield><subfield code="z">San Francisco.</subfield><subfield code="2">fast</subfield><subfield code="0">(OCoLC)fst01204481</subfield></datafield><datafield ind1=" " ind2=" " tag="752"><subfield code="a">United States</subfield><subfield code="b">California</subfield><subfield code="c">San Francisco</subfield><subfield code="d">San Francisco.</subfield></datafield><datafield ind1="1" ind2=" " tag="775"><subfield code="t">Evening journal (San Francisco, Calif.)</subfield><subfield code="w">(DLC)sn 84027221</subfield><subfield code="w">(OCoLC)11009850</subfield></datafield><datafield ind1="1" ind2=" " tag="775"><subfield code="t">Weekly journal (San Francisco, Calif.)</subfield><subfield code="w">(DLC)sn 84027222</subfield><subfield code="w">(OCoLC)11009859</subfield></datafield><datafield ind1="1" ind2=" " tag="775"><subfield code="t">San Francisco weekly journal</subfield><subfield code="w">(DLC)sn 85025884</subfield><subfield code="w">(OCoLC)11974881</subfield></datafield><datafield ind1="0" ind2=" " tag="775"><subfield code="t">Steamer journal</subfield><subfield code="w">(DLC)sn 84027228</subfield><subfield code="w">(OCoLC)11009837</subfield></datafield><datafield ind1="0" ind2=" " tag="775"><subfield code="t">California steamer journal</subfield><subfield code="w">(DLC)sn 95062575</subfield><subfield code="w">(OCoLC)32235011</subfield></datafield><datafield ind1="0" ind2=" " tag="775"><subfield code="t">San Francisco evening journal (San Francisco, Calif. : Steamer ed.)</subfield><subfield code="w">(DLC)sn 95062294</subfield><subfield code="w">(OCoLC)34330037</subfield></datafield><datafield ind1="0" ind2="0" tag="780"><subfield code="t">Daily evening journal (San Francisco, Calif.)</subfield><subfield code="w">(DLC)sn 82014866</subfield><subfield code="w">(OCoLC)8793575</subfield></datafield><datafield ind1=" " ind2=" " tag="938"><subfield code="a">Kirtas Technologies, Inc.</subfield><subfield code="b">KRTS</subfield><subfield code="n">736013</subfield></datafield></record>